@Article{jle:static,
    author = {M. Codish and K. Marriott and C.K. Taboch},
    title = {The Java Language Specification SE 7 Edition},
    journal = {Journal of Logic Programming},
    year = {2000},
    isbn = {0000000000},
    pages = {251--263},
}

@Book{stromquist:upp,
    author = {Siv Str√∂mquist},
    title = {Uppsatshandboken},
    publisher = {Hallgren \& Fallgren},
    year = {2003},
    address = {Uppsala}
}

@Article{robinson:resolution,
    author = {J. A. Robinson},
    title = {A Machine-Oriented Logic Based on the Resolution Principle},
    journal = {Journal of the ACM},
    year = {1965},
    volume = {12},
    number = {1},
    pages = {23--41},
    month = {jan}
}
